%Entries

@Article{cloudburst,
  author        = "Marshall P, Keahey K, Freeman T.",
  title         = "Elastic site: using clouds to elastically extend site resources",
  journal       = "Conference on cluster, cloud, and grid computing",
  year          = "2010",
  pages         = "43–52"
}

@Article{nof,
  author        = "N. Andrade, F. Brasileiro, W. Cirne, and M. Mowbray",
  title         = "Automatic grid
assembly by promoting collaboration in peer-to-peer grids",
  journal       = "Journal of
Parallel and Distributed Computing",
  volume        = "67",
  number        = "8",
  year          = "2007",
  pages         = "957 – 966"
}

@Article{fairness-benefices,
  author        = "Gomes ER, Vo QB, Kowalczyk R.",
  title         = "Pure exchange markets for resource sharing in federated clouds",
  journal       = "Concurrency Comput",
  volume        = "24",
  number        = "9",
  year          = "2012",
  pages         = "91 - 977"
}